<record><leader>00000cas a2200000 a 4500</leader><controlfield tag="001">38041260</controlfield><controlfield tag="008">971204d18981908orucr ne      0    0eng c</controlfield><datafield ind1=" " ind2=" " tag="010"><subfield code="a">sn 97071027 </subfield></datafield><datafield ind1=" " ind2=" " tag="040"><subfield code="a">OCN</subfield><subfield code="b">eng</subfield><subfield code="c">OCN</subfield><subfield code="d">OCLCQ</subfield><subfield code="d">OCLCF</subfield><subfield code="d">OCLCO</subfield></datafield><datafield ind1="1" ind2=" " tag="029"><subfield code="a">AU@</subfield><subfield code="b">000013651936</subfield></datafield><datafield ind1=" " ind2=" " tag="042"><subfield code="a">pcc</subfield></datafield><datafield ind1=" " ind2=" " tag="043"><subfield code="a">n-us-or</subfield></datafield><datafield ind1="0" ind2="0" tag="245"><subfield code="a">Lebanon express-advance.</subfield></datafield><datafield ind1="1" ind2="3" tag="246"><subfield code="a">Express advance</subfield></datafield><datafield ind1=" " ind2=" " tag="260"><subfield code="a">Lebanon, Or. :</subfield><subfield code="b">Alexander &amp; Kirkpatrick,</subfield><subfield code="c">1898-1908.</subfield></datafield><datafield ind1=" " ind2=" " tag="300"><subfield code="a">v.</subfield></datafield><datafield ind1=" " ind2=" " tag="310"><subfield code="a">Semiweekly,</subfield><subfield code="b">Apr. 4, 1899-July 21, 1908</subfield></datafield><datafield ind1=" " ind2=" " tag="321"><subfield code="a">Weekly,</subfield><subfield code="b">Apr. 15, 1898-Mar. 31, 1899</subfield></datafield><datafield ind1="0" ind2=" " tag="362"><subfield code="a">Vol. 1, no. 1 [i.e. v. 12, no. 7] (Apr. 15, 1898)-v. 21, no. 37 (July 21, 1908).</subfield></datafield><datafield ind1=" " ind2=" " tag="515"><subfield code="a">Issues for Apr. 15-May 13, 1898 called vol. 1, nos. 1-5. Beginning with May 20, 1898 numbering from previous series, Lebanon express, is resumed with v. 12, no. 12.</subfield></datafield><datafield ind1=" " ind2=" " tag="530"><subfield code="a">Also issued on microfilm from University of Oregon.</subfield></datafield><datafield ind1=" " ind2="0" tag="651"><subfield code="a">Lebanon (Or.)</subfield><subfield code="v">Newspapers.</subfield></datafield><datafield ind1=" " ind2="7" tag="655"><subfield code="a">Newspapers.</subfield><subfield code="2">fast</subfield><subfield code="0">(OCoLC)fst01423814</subfield></datafield><datafield ind1=" " ind2="7" tag="651"><subfield code="a">Oregon</subfield><subfield code="z">Lebanon.</subfield><subfield code="2">fast</subfield><subfield code="0">(OCoLC)fst01207978</subfield></datafield><datafield ind1=" " ind2=" " tag="752"><subfield code="a">United States</subfield><subfield code="b">Oregon</subfield><subfield code="c">Linn</subfield><subfield code="d">Lebanon.</subfield></datafield><datafield ind1="0" ind2="4" tag="780"><subfield code="t">Weekly advance</subfield></datafield><datafield ind1="0" ind2="4" tag="780"><subfield code="t">Lebanon express</subfield><subfield code="w">(DLC)sn 97071028</subfield></datafield><datafield ind1="0" ind2="0" tag="785"><subfield code="t">Lebanon express (Lebanon, Or.)</subfield><subfield code="w">(DLC)sn 97071024</subfield></datafield></record>